<?xml version="1.0" encoding="utf-8"?>
<record xmlns="http://www.loc.gov/MARC21/slim" xmlns:xsi="http://www.w3.org/2001/XMLSchema-instance" xsi:schemaLocation="http://www.loc.gov/MARC21/slim http://www.loc.gov/standards/marcxml/schema/MARC21slim.xsd">
	<leader>     nam a22     Mi 4500</leader>
	<controlfield tag="001">6049</controlfield>
	<controlfield tag="003">aeadna</controlfield>
	<controlfield tag="006">m        d        </controlfield>
	<controlfield tag="007">cr cn |||m|||a</controlfield>
	<controlfield tag="008">210825s1882    le     fo000da00| 0|ara d</controlfield>
	<datafield ind1=" " ind2=" " tag="040">
		<subfield code="a">ZYU</subfield>
		<subfield code="b">ara</subfield>
		<subfield code="c">ZYU</subfield>
	</datafield>
	<datafield ind1="0" ind2=" " tag="041">
		<subfield code="a">ara</subfield>
	</datafield>
	<datafield ind1=" " ind2="4" tag="050">
		<subfield code="a">PJ6620</subfield>
		<subfield code="b">.I2 1882</subfield>
	</datafield>
	<datafield ind1="1" ind2="0" tag="082">
		<subfield code="a">413.122</subfield>
		<subfield code="b">21</subfield>
	</datafield>
	<datafield ind1="1" ind2=" " tag="100">
		<subfield code="6">880-01</subfield>
		<subfield code="a">Ibn Manẓūr, Muḥammad ibn Mukarram,</subfield>
		<subfield code="d">1232-1311 or 1312.</subfield>
	</datafield>
	<datafield ind1="0" ind2="0" tag="245">
		<subfield code="6">880-02</subfield>
		<subfield code="a">Lisān al-ʻArab</subfield>
		<subfield code="h">[electronic resource] /</subfield>
		<subfield code="c">li-Abī al-Faḍl Jamāl al-Dīn Muḥammad ibn Mukarram ibn Manẓūr al-Ifrīqī al-Miṣrī al-Anṣārī al-Khazrajī.</subfield>
	</datafield>
	<datafield ind1=" " ind2=" " tag="250">
		<subfield code="6">880-03</subfield>
		<subfield code="a">Ṭ. 1.</subfield>
	</datafield>
	<datafield ind1=" " ind2=" " tag="260">
		<subfield code="6">880-04</subfield>
		<subfield code="a">al-Qāhirah :</subfield>
		<subfield code="b">al-Maṭbaʻah al-Kubra al-Mīriyah bi-Būlāq Miṣr al-Maḥmiyah,</subfield>
		<subfield code="c">1300 H. [1882 M.]</subfield>
	</datafield>
	<datafield ind1=" " ind2=" " tag="300">
		<subfield code="6">880-05</subfield>
		<subfield code="a">online resource (20 v.)</subfield>
	</datafield>
	<datafield ind1=" " ind2=" " tag="500">
		<subfield code="a">Non-Latin script record</subfield>
	</datafield>
	<datafield ind1=" " ind2=" " tag="500">
		<subfield code="a">Part of the Arabic Collections Online (ACO) project, contributed by United Arab Emirates National Archives.</subfield>
	</datafield>
	<datafield ind1=" " ind2=" " tag="533">
		<subfield code="a">Electronic reproduction.</subfield>
		<subfield code="b">New York, N.Y. :</subfield>
		<subfield code="c">New York University,</subfield>
		<subfield code="d">2021.</subfield>
		<subfield code="5">NNU</subfield>
	</datafield>
	<datafield ind1=" " ind2="0" tag="650">
		<subfield code="6">880-06</subfield>
		<subfield code="a">Arabic language</subfield>
		<subfield code="v">Dictionaries</subfield>
		<subfield code="v">Early works to 1800.</subfield>
	</datafield>
	<datafield ind1="2" ind2=" " tag="710">
		<subfield code="a">Abu Dhabi (United Arab Emirates).</subfield>
		<subfield code="b">National Archives.</subfield>
	</datafield>
	<datafield ind1="0" ind2=" " tag="730">
		<subfield code="a">Arabic Collections Online.</subfield>
	</datafield>
	<datafield ind1="0" ind2=" " tag="775">
		<subfield code="6">880-07</subfield>
		<subfield code="a">Ibn Manẓūr, Muḥammad ibn Mukarram,</subfield>
		<subfield code="d">Bayrūt : Dār Ṣādir, 1992 M.</subfield>
		<subfield code="t">Lisān al-ʻArab /</subfield>
	</datafield>
	<datafield ind1="0" ind2="8" tag="776">
		<subfield code="i">Print version:</subfield>
		<subfield code="a">Ibn Manẓūr, Muḥammad ibn Mukarram, 1232-1311 or 1312.</subfield>
		<subfield code="t">Lisān al-ʻArab</subfield>
		<subfield code="w">(aeadna)6049</subfield>
	</datafield>
	<datafield ind1="4" ind2="0" tag="856">
		<subfield code="u">http://hdl.handle.net/2333.1/bk3j9wxg</subfield>
	</datafield>
	<datafield ind1="1" ind2=" " tag="880">
		<subfield code="6">100-01</subfield>
		<subfield code="a">ابن منظور، محمد بن مكرم،</subfield>
		<subfield code="d">1232-1311.</subfield>
	</datafield>
	<datafield ind1="1" ind2="0" tag="880">
		<subfield code="6">245-02</subfield>
		<subfield code="a">لسان العرب /</subfield>
		<subfield code="c">لأبي الفضل جمال الدين محمد بن مكّرم بن منظور الأفريقي المصري الأنصاري الخزرجي.</subfield>
	</datafield>
	<datafield ind1=" " ind2=" " tag="880">
		<subfield code="6">250-03</subfield>
		<subfield code="a">ط.1</subfield>
	</datafield>
	<datafield ind1=" " ind2=" " tag="880">
		<subfield code="6">260-04</subfield>
		<subfield code="a">القاهرة :</subfield>
		<subfield code="b">المطبعة الكبرى الميرية ببولاق مصر المحمية،</subfield>
		<subfield code="c">1300 هـ. [1882م].</subfield>
	</datafield>
	<datafield ind1=" " ind2=" " tag="880">
		<subfield code="6">300-05</subfield>
		<subfield code="a">20 ج. ؛</subfield>
		<subfield code="c">28 سم.</subfield>
	</datafield>
	<datafield ind1=" " ind2=" " tag="880">
		<subfield code="6">500-00</subfield>
		<subfield code="a">نبذة من سيرة المؤلف :  هو أديب ومؤّرخ وعالم في الفقه الإسلامي واللغة العربية. من أشهر مؤّلفاته معجم لسان العرب ، هو محمد بن مكرم بن علي أبو الفضل جمال الدين ابن منظور الأنصاري الرويفعي الأفريقي، ولد في شهر محرم عام (630هـ/ 1232م)، وقد اختلفت الأقاويل حول مكان ولادته، قيل بقفصة بتونس، وقيل بطرابلس بليبيا، وقيل بمصر. ويعّد من نسل رويفع بن ثابت الأنصاري، تتلمذ على يد عبد الرحمن بن الطفيل، ومرتضى بن حاتم، ويوسف المخيلي، وأبي الحسن علي بن المقير البغدادي، والعالم الصابوني. خدم في ديوان الإنشاء بالقاهرة، ثم ولي القضاء في طرابلس، أصيب بالعمى في آواخر سنوات حياته، وتوفي في مصر في شهر شعبان عام (711هـ /1311م).</subfield>
	</datafield>
	<datafield ind1=" " ind2=" " tag="880">
		<subfield code="6">500-00</subfield>
		<subfield code="a">ظهرت سنة 1300هـ على الأجزاء الآتية: االأول، والثاني، والثالث، والرابع، والخامس، والسادس. وظهرت سنة 1301هـ على الأجزاء: السابع، والثامن، والتاسع، والعاشر، والحادي عشر.</subfield>
	</datafield>
	<datafield ind1=" " ind2=" " tag="880">
		<subfield code="6">500-00</subfield>
		<subfield code="a">استهلت الصفحة  الأولى بعد الغلاف بعبارة:&quot; الفريدة الجهبذية واليتيمة الألمعية، وهي تقريظ لسان العرب...&quot; كتبه الفقير إلى ربه الواهب : أحمد فارس صاحب الجوائب في 17 رجب المعظم سنة 1300. وهي مرقمة إلى الصفحة رقم(4) ثم يبدأ الترقيم من صفحة (1).</subfield>
	</datafield>
	<datafield ind1=" " ind2=" " tag="880">
		<subfield code="6">500-00</subfield>
		<subfield code="a">ُبدء الجزء الأول من الكتاب بترجمة المؤلف رحمه الله. ثم الصفحة التي تلتها يبدأ الكتاب ب&quot; بسم الله الرحمن الرحيم&quot; قال عبد الله محمد بن المكرم....&quot; وتجد حول متن الكتاب شروحات للنص الأصل.</subfield>
	</datafield>
	<datafield ind1=" " ind2=" " tag="880">
		<subfield code="6">500-00</subfield>
		<subfield code="a">الجزء  الرابع والخامس يحتاج إلى صيانة حيث يظهر على الصفحات الأولى منه بقع توحي بوجود &quot;ِرمة&quot; أو تواجد حشرات في البقع الداكنة.</subfield>
	</datafield>
	<datafield ind1=" " ind2=" " tag="880">
		<subfield code="6">520-00</subfield>
		<subfield code="a">لسان العرب  معجم لغوي عربّي من تصنيف ابن منظور الأنصاري (ت. 711 هـ). قال الزركلي في وصف المعجم أن مؤلفه &amp;#xab;جمع فئه أمهات كتب اللغة، فكاد يغني عنها جميعا&amp;#xbb;.قال البعلبكي: ُيعتبر أشهر المعاجم العربية غيَر ُمناَزع، لضخامة مادته، ولاشتماله على مجموعة كبيرة من الشواهد الصحيحة التي استقاها من القرآن الكريم والحديث النبوي الشريف ومن أمثال العرب وأشعارها  لسان العرب&amp;#xbb;، من أوسع معاجم العربية للألفاظ رمى مؤلفه من خلاله إلى أمرين: الاستقصاء والترتيب، وقد صّرح في مقدمة المعجم بمصادره، وهي خمسة: &amp;#xab;تهذيب اللغة&amp;#xbb; لأبي منصور الأزهري (ت 370 هـ)،  و&amp;#xab;المحكم&amp;#xbb; لابن ِسْيَده (ت 458 هـ)، و&amp;#xab;الصحاح&amp;#xbb; للجوهري (ت 393 هـ)، و&amp;#xab;حواشي ابن بّري&amp;#xbb; (ت 582 هـ) على الصحاح، و&amp;#xab;النهاية في غريب الحديث والأثر&amp;#xbb; لابن الجزري (ت 606 هـ).  وقد رّتبه على أساس الحرف الأخير من الجذر الثلاثي واضعًا، وذلك بغيَة تمكين الشعراء من العثور على القوافي التي يطلبونها لقصائدهم المطَّولة.</subfield>
	</datafield>
	<datafield ind1=" " ind2="4" tag="880">
		<subfield code="6">650-06</subfield>
		<subfield code="a">اللغة العربية</subfield>
		<subfield code="v">معاجم</subfield>
		<subfield code="v">الأعمال المبكرة حتى 1800.</subfield>
	</datafield>
	<datafield ind1="0" ind2=" " tag="880">
		<subfield code="6">775-07</subfield>
		<subfield code="a">ابن منظور، محمد بن مكرم،</subfield>
		<subfield code="d">بيروت : دار صادر، 1992م.</subfield>
		<subfield code="f">le</subfield>
		<subfield code="t">لسان العرب /</subfield>
	</datafield>
	<datafield ind1=" " ind2=" " tag="880">
		<subfield code="6">949-00</subfield>
		<subfield code="a">413.122 ك ل ف س</subfield>
		<subfield code="v">1</subfield>
		<subfield code="w">DDC</subfield>
		<subfield code="i">30018000000805</subfield>
		<subfield code="u">06/22/2003</subfield>
		<subfield code="d">04/27/2010</subfield>
		<subfield code="e">01/13/2010</subfield>
		<subfield code="n">1</subfield>
		<subfield code="t">Book</subfield>
		<subfield code="l">i</subfield>
		<subfield code="m">MAIN</subfield>
		<subfield code="j">0</subfield>
		<subfield code="x">RAR</subfield>
	</datafield>
	<datafield ind1=" " ind2=" " tag="880">
		<subfield code="6">949-00</subfield>
		<subfield code="a">413.122 ك ل ف س</subfield>
		<subfield code="v">2</subfield>
		<subfield code="w">DDC</subfield>
		<subfield code="i">30018000000811</subfield>
		<subfield code="u">06/22/2003</subfield>
		<subfield code="d">04/27/2010</subfield>
		<subfield code="e">01/13/2010</subfield>
		<subfield code="n">1</subfield>
		<subfield code="t">Book</subfield>
		<subfield code="l">i</subfield>
		<subfield code="m">MAIN</subfield>
		<subfield code="j">0</subfield>
		<subfield code="x">RAR</subfield>
	</datafield>
	<datafield ind1=" " ind2=" " tag="880">
		<subfield code="6">949-00</subfield>
		<subfield code="a">413.122 ك ل ف س</subfield>
		<subfield code="v">3</subfield>
		<subfield code="w">DDC</subfield>
		<subfield code="i">30018000000802</subfield>
		<subfield code="u">06/22/2003</subfield>
		<subfield code="d">04/27/2010</subfield>
		<subfield code="e">01/13/2010</subfield>
		<subfield code="n">1</subfield>
		<subfield code="t">Book</subfield>
		<subfield code="l">i</subfield>
		<subfield code="m">MAIN</subfield>
		<subfield code="j">0</subfield>
		<subfield code="x">RAR</subfield>
	</datafield>
	<datafield ind1=" " ind2=" " tag="880">
		<subfield code="6">949-00</subfield>
		<subfield code="a">413.122 ك ل ف س</subfield>
		<subfield code="v">4</subfield>
		<subfield code="w">DDC</subfield>
		<subfield code="i">30018000000806</subfield>
		<subfield code="u">06/22/2003</subfield>
		<subfield code="d">04/27/2010</subfield>
		<subfield code="e">01/13/2010</subfield>
		<subfield code="n">1</subfield>
		<subfield code="t">Book</subfield>
		<subfield code="l">i</subfield>
		<subfield code="m">MAIN</subfield>
		<subfield code="j">0</subfield>
		<subfield code="x">RAR</subfield>
	</datafield>
	<datafield ind1=" " ind2=" " tag="880">
		<subfield code="6">949-00</subfield>
		<subfield code="a">413.122 ك ل ف س</subfield>
		<subfield code="v">6</subfield>
		<subfield code="w">DDC</subfield>
		<subfield code="i">30018000000808</subfield>
		<subfield code="u">06/22/2003</subfield>
		<subfield code="d">04/27/2010</subfield>
		<subfield code="e">01/13/2010</subfield>
		<subfield code="n">1</subfield>
		<subfield code="t">Book</subfield>
		<subfield code="l">i</subfield>
		<subfield code="m">MAIN</subfield>
		<subfield code="j">0</subfield>
		<subfield code="x">RAR</subfield>
	</datafield>
	<datafield ind1=" " ind2=" " tag="880">
		<subfield code="6">949-00</subfield>
		<subfield code="a">413.122 ك ل ف س</subfield>
		<subfield code="v">7</subfield>
		<subfield code="w">DDC</subfield>
		<subfield code="i">30018000000800</subfield>
		<subfield code="u">06/22/2003</subfield>
		<subfield code="d">04/27/2010</subfield>
		<subfield code="e">01/13/2010</subfield>
		<subfield code="n">1</subfield>
		<subfield code="t">Book</subfield>
		<subfield code="l">i</subfield>
		<subfield code="m">MAIN</subfield>
		<subfield code="j">0</subfield>
		<subfield code="x">RAR</subfield>
	</datafield>
	<datafield ind1=" " ind2=" " tag="880">
		<subfield code="6">949-00</subfield>
		<subfield code="a">413.122 ك ل ف س</subfield>
		<subfield code="v">8</subfield>
		<subfield code="w">DDC</subfield>
		<subfield code="i">30018000000809</subfield>
		<subfield code="u">06/22/2003</subfield>
		<subfield code="d">04/27/2010</subfield>
		<subfield code="e">01/13/2010</subfield>
		<subfield code="n">1</subfield>
		<subfield code="t">Book</subfield>
		<subfield code="l">i</subfield>
		<subfield code="m">MAIN</subfield>
		<subfield code="j">0</subfield>
		<subfield code="x">RAR</subfield>
	</datafield>
	<datafield ind1=" " ind2=" " tag="880">
		<subfield code="6">949-00</subfield>
		<subfield code="a">413.122 ك ل ف س</subfield>
		<subfield code="v">9</subfield>
		<subfield code="w">DDC</subfield>
		<subfield code="i">30018000000804</subfield>
		<subfield code="u">06/22/2003</subfield>
		<subfield code="d">04/27/2010</subfield>
		<subfield code="e">01/13/2010</subfield>
		<subfield code="n">1</subfield>
		<subfield code="t">Book</subfield>
		<subfield code="l">i</subfield>
		<subfield code="m">MAIN</subfield>
		<subfield code="j">0</subfield>
		<subfield code="x">RAR</subfield>
	</datafield>
	<datafield ind1=" " ind2=" " tag="880">
		<subfield code="6">949-00</subfield>
		<subfield code="a">413.122 ك ل ف س</subfield>
		<subfield code="v">5</subfield>
		<subfield code="w">DDC</subfield>
		<subfield code="i">30018000000801</subfield>
		<subfield code="u">06/22/2003</subfield>
		<subfield code="d">04/27/2010</subfield>
		<subfield code="e">01/13/2010</subfield>
		<subfield code="n">1</subfield>
		<subfield code="t">Book</subfield>
		<subfield code="l">i</subfield>
		<subfield code="m">MAIN</subfield>
		<subfield code="j">0</subfield>
		<subfield code="x">RAR</subfield>
	</datafield>
	<datafield ind1=" " ind2=" " tag="880">
		<subfield code="6">949-00</subfield>
		<subfield code="a">413.122 ك ل ف س</subfield>
		<subfield code="v">11</subfield>
		<subfield code="w">DDC</subfield>
		<subfield code="i">30018000000803</subfield>
		<subfield code="u">06/22/2003</subfield>
		<subfield code="d">04/27/2010</subfield>
		<subfield code="e">01/13/2010</subfield>
		<subfield code="n">1</subfield>
		<subfield code="t">Book</subfield>
		<subfield code="l">i</subfield>
		<subfield code="m">MAIN</subfield>
		<subfield code="j">0</subfield>
		<subfield code="x">RAR</subfield>
	</datafield>
	<datafield ind1=" " ind2=" " tag="880">
		<subfield code="6">949-00</subfield>
		<subfield code="a">413.122 ك ل ف س</subfield>
		<subfield code="v">12</subfield>
		<subfield code="w">DDC</subfield>
		<subfield code="i">30018000000815</subfield>
		<subfield code="u">06/22/2003</subfield>
		<subfield code="d">04/27/2010</subfield>
		<subfield code="e">01/13/2010</subfield>
		<subfield code="n">1</subfield>
		<subfield code="t">Book</subfield>
		<subfield code="l">i</subfield>
		<subfield code="m">MAIN</subfield>
		<subfield code="j">0</subfield>
		<subfield code="x">RAR</subfield>
	</datafield>
	<datafield ind1=" " ind2=" " tag="880">
		<subfield code="6">949-00</subfield>
		<subfield code="a">413.122 ك ل ف س</subfield>
		<subfield code="v">13</subfield>
		<subfield code="w">DDC</subfield>
		<subfield code="i">30018000000816</subfield>
		<subfield code="u">06/22/2003</subfield>
		<subfield code="d">04/27/2010</subfield>
		<subfield code="e">01/13/2010</subfield>
		<subfield code="n">1</subfield>
		<subfield code="t">Book</subfield>
		<subfield code="l">i</subfield>
		<subfield code="m">MAIN</subfield>
		<subfield code="j">0</subfield>
		<subfield code="x">RAR</subfield>
	</datafield>
	<datafield ind1=" " ind2=" " tag="880">
		<subfield code="6">949-00</subfield>
		<subfield code="a">413.122 ك ل ف س</subfield>
		<subfield code="v">14</subfield>
		<subfield code="w">DDC</subfield>
		<subfield code="i">30018000000817</subfield>
		<subfield code="u">06/22/2003</subfield>
		<subfield code="d">04/27/2010</subfield>
		<subfield code="e">01/13/2010</subfield>
		<subfield code="n">1</subfield>
		<subfield code="t">Book</subfield>
		<subfield code="l">i</subfield>
		<subfield code="m">MAIN</subfield>
		<subfield code="j">0</subfield>
		<subfield code="x">RAR</subfield>
	</datafield>
	<datafield ind1=" " ind2=" " tag="880">
		<subfield code="6">949-00</subfield>
		<subfield code="a">413.122 ك ل ف س</subfield>
		<subfield code="v">15</subfield>
		<subfield code="w">DDC</subfield>
		<subfield code="i">30018000000799</subfield>
		<subfield code="u">06/22/2003</subfield>
		<subfield code="d">04/27/2010</subfield>
		<subfield code="e">01/13/2010</subfield>
		<subfield code="n">1</subfield>
		<subfield code="t">Book</subfield>
		<subfield code="l">i</subfield>
		<subfield code="m">MAIN</subfield>
		<subfield code="j">0</subfield>
		<subfield code="x">RAR</subfield>
	</datafield>
	<datafield ind1=" " ind2=" " tag="880">
		<subfield code="6">949-00</subfield>
		<subfield code="a">413.122 ك ل ف س</subfield>
		<subfield code="v">17</subfield>
		<subfield code="w">DDC</subfield>
		<subfield code="i">30018000000807</subfield>
		<subfield code="u">06/22/2003</subfield>
		<subfield code="d">04/27/2010</subfield>
		<subfield code="e">01/13/2010</subfield>
		<subfield code="n">1</subfield>
		<subfield code="t">Book</subfield>
		<subfield code="l">i</subfield>
		<subfield code="m">MAIN</subfield>
		<subfield code="j">0</subfield>
		<subfield code="x">RAR</subfield>
	</datafield>
	<datafield ind1=" " ind2=" " tag="880">
		<subfield code="6">949-00</subfield>
		<subfield code="a">413.122 ك ل ف س</subfield>
		<subfield code="v">18</subfield>
		<subfield code="w">DDC</subfield>
		<subfield code="i">30018000000810</subfield>
		<subfield code="u">06/22/2003</subfield>
		<subfield code="d">04/27/2010</subfield>
		<subfield code="e">01/13/2010</subfield>
		<subfield code="n">1</subfield>
		<subfield code="t">Book</subfield>
		<subfield code="l">i</subfield>
		<subfield code="m">MAIN</subfield>
		<subfield code="j">0</subfield>
		<subfield code="x">RAR</subfield>
	</datafield>
	<datafield ind1=" " ind2=" " tag="880">
		<subfield code="6">949-00</subfield>
		<subfield code="a">413.122 ك ل ف س</subfield>
		<subfield code="v">19</subfield>
		<subfield code="w">DDC</subfield>
		<subfield code="i">30018000000814</subfield>
		<subfield code="u">06/22/2003</subfield>
		<subfield code="d">04/27/2010</subfield>
		<subfield code="e">01/13/2010</subfield>
		<subfield code="n">1</subfield>
		<subfield code="t">Book</subfield>
		<subfield code="l">i</subfield>
		<subfield code="m">MAIN</subfield>
		<subfield code="j">0</subfield>
		<subfield code="x">RAR</subfield>
	</datafield>
	<datafield ind1=" " ind2=" " tag="880">
		<subfield code="6">949-00</subfield>
		<subfield code="a">413.122 ك ل ف س</subfield>
		<subfield code="v">20</subfield>
		<subfield code="w">DDC</subfield>
		<subfield code="i">30018000000812</subfield>
		<subfield code="u">06/22/2003</subfield>
		<subfield code="d">04/27/2010</subfield>
		<subfield code="e">01/13/2010</subfield>
		<subfield code="n">1</subfield>
		<subfield code="t">Book</subfield>
		<subfield code="l">i</subfield>
		<subfield code="m">MAIN</subfield>
		<subfield code="j">0</subfield>
		<subfield code="x">RAR</subfield>
	</datafield>
	<datafield ind1=" " ind2=" " tag="880">
		<subfield code="6">949-00</subfield>
		<subfield code="a">413.122 ك ل ف س</subfield>
		<subfield code="v">10</subfield>
		<subfield code="w">DDC</subfield>
		<subfield code="i">30018000000798</subfield>
		<subfield code="u">06/22/2003</subfield>
		<subfield code="d">04/27/2010</subfield>
		<subfield code="e">01/13/2010</subfield>
		<subfield code="n">1</subfield>
		<subfield code="t">Book</subfield>
		<subfield code="l">i</subfield>
		<subfield code="m">MAIN</subfield>
		<subfield code="j">0</subfield>
		<subfield code="x">RAR</subfield>
	</datafield>
	<datafield ind1=" " ind2=" " tag="880">
		<subfield code="6">949-00</subfield>
		<subfield code="a">413.122 ك ل ف س</subfield>
		<subfield code="v">16</subfield>
		<subfield code="w">DDC</subfield>
		<subfield code="i">30018000000813</subfield>
		<subfield code="u">06/22/2003</subfield>
		<subfield code="d">04/27/2010</subfield>
		<subfield code="e">01/13/2010</subfield>
		<subfield code="n">1</subfield>
		<subfield code="t">Book</subfield>
		<subfield code="l">i</subfield>
		<subfield code="m">MAIN</subfield>
		<subfield code="j">0</subfield>
		<subfield code="x">RAR</subfield>
	</datafield>
	<datafield ind1=" " ind2=" " tag="959">
		<subfield code="a">NNU</subfield>
		<subfield code="b">WEB</subfield>
		<subfield code="c">GENI</subfield>
		<subfield code="t">0</subfield>
		<subfield code="m">Electronic access</subfield>
		<subfield code="s">01</subfield>
	</datafield>
	<datafield ind1=" " ind2=" " tag="999">
		<subfield code="i">aeadna_6049</subfield>
		<subfield code="s">uaena_aco000021:1</subfield>
		<subfield code="s">uaena_aco000022:2</subfield>
		<subfield code="s">uaena_aco000026:3</subfield>
		<subfield code="s">uaena_aco000027:4</subfield>
		<subfield code="s">uaena_aco000028:4</subfield>
		<subfield code="s">uaena_aco000040:5</subfield>
		<subfield code="s">uaena_aco000044:6</subfield>
		<subfield code="s">uaena_aco000045:7</subfield>
		<subfield code="s">uaena_aco000046:8</subfield>
		<subfield code="s">uaena_aco000047:9</subfield>
		<subfield code="s">uaena_aco000048:10</subfield>
		<subfield code="s">uaena_aco000049:11</subfield>
		<subfield code="s">uaena_aco000050:12</subfield>
		<subfield code="s">uaena_aco000051:13</subfield>
		<subfield code="s">uaena_aco000052:14</subfield>
		<subfield code="s">uaena_aco000053:15</subfield>
		<subfield code="s">uaena_aco000054:16</subfield>
		<subfield code="s">uaena_aco000055:17</subfield>
		<subfield code="s">uaena_aco000056:18</subfield>
		<subfield code="s">uaena_aco000057:19</subfield>
		<subfield code="s">uaena_aco000058:20</subfield>
		<subfield code="e">(ERROR-880)</subfield>
		<subfield code="s">uaena_aco000021:1</subfield>
		<subfield code="s">uaena_aco000022:2</subfield>
		<subfield code="s">uaena_aco000026:3</subfield>
		<subfield code="s">uaena_aco000027:4</subfield>
		<subfield code="s">uaena_aco000028:4</subfield>
		<subfield code="s">uaena_aco000040:5</subfield>
		<subfield code="s">uaena_aco000044:6</subfield>
		<subfield code="s">uaena_aco000045:7</subfield>
		<subfield code="s">uaena_aco000046:8</subfield>
		<subfield code="s">uaena_aco000047:9</subfield>
		<subfield code="s">uaena_aco000048:10</subfield>
		<subfield code="s">uaena_aco000049:11</subfield>
		<subfield code="s">uaena_aco000050:12</subfield>
		<subfield code="s">uaena_aco000051:13</subfield>
		<subfield code="s">uaena_aco000052:14</subfield>
		<subfield code="s">uaena_aco000053:15</subfield>
		<subfield code="s">uaena_aco000054:16</subfield>
		<subfield code="s">uaena_aco000055:17</subfield>
		<subfield code="s">uaena_aco000056:18</subfield>
		<subfield code="s">uaena_aco000057:19</subfield>
		<subfield code="s">uaena_aco000058:20</subfield>
	</datafield>
</record>
